https://danceswithcode.net/engineeringnotes/quaternions/quaternions.html
@ARTICLE{quaternions,
	author = {D. Rose},
	title = {Rotation Quaternions, and How to Use Them},
	year = {2015},
	timestamp = {2015.05},
	howpublished = \url{https://danceswithcode.net/engineeringnotes/quaternions/quaternions.html}
}

@ARTICLE{computergraphics,
	author = {Роджерс Д.},
	title = {Алгоритмические основы машинной графики},
	year = {1989},
}

@ARTICLE{mollertrumbor,
	author = {Moller T., Trumbore B.},
	title = {Fast, Minumum Storage Ray/Triangle Intersection},
}